@article{lora,
  title={LoRA: Low-Rank Adaptation of Large Language Models},
  author={Hu, Edward J. and Shen, Yelong and Wallis, Phillip and Allen-Zhu, Zeyuan and Li, Yuanzhi and Wang, Shean and Wang, Lu and Chen, Weizhu},
  journal={arXiv preprint arXiv:2106.09685},
  year={2021},
  url={https://arxiv.org/abs/2106.09685}
}

@misc{stablediff,
  title={High-Resolution Image Synthesis with Latent Diffusion Models},
  author={Rombach, Robin and Blattmann, Andreas and Lorenz, Dominik and Esser, Patrick and Ommer, Björn},
  year={2022},
  note={CompVis/stable-diffusion-v1-4},
  url={https://huggingface.co/CompVis/stable-diffusion-v1-4}
}

@misc{diffusers,
  title={Diffusers: State-of-the-Art Diffusion Models},
  author={von Platen, Patrick and Davaadorj, Mishig and Rasul, Kashif and Wolf, Thomas},
  year={2022},
  note={Hugging Face},
  url={https://github.com/huggingface/diffusers}
}

@inproceedings{clipscore,
  title={CLIPScore: A Reference-free Evaluation Metric for Image Captioning},
  author={Hessel, Jack and Holtzman, Ari and Forbes, Maxwell and Le Bras, Ronan and Choi, Yejin},
  booktitle={Proceedings of the 2021 Conference on Empirical Methods in Natural Language Processing (EMNLP)},
  pages={7514--7528},
  year={2021},
  url={https://arxiv.org/abs/2104.08718}
}

@article{fid,
  title={GANs Trained by a Two Time-Scale Update Rule Converge to a Local Nash Equilibrium},
  author={Heusel, Martin and Ramsauer, Hubert and Unterthiner, Thomas and Nessler, Bernhard and Hochreiter, Sepp},
  journal={Advances in Neural Information Processing Systems},
  volume={30},
  year={2017},
  note={Introdução do FID},
  url={https://arxiv.org/abs/1706.08500}
}

@inproceedings{pytorch,
  title={PyTorch: An Imperative Style, High-Performance Deep Learning Library},
  author={Paszke, Adam and Gross, Sam and Massa, Francisco and Lerer, Adam and Bradbury, James and Chanan, Gregory and Killeen, Trevor and Lin, Zeming and Gimelshein, Natalia and Antiga, Luca and others},
  booktitle={Advances in Neural Information Processing Systems},
  volume={32},
  pages={8024--8035},
  year={2019},
  url={https://arxiv.org/abs/1912.01703}
}

@Misc{accelerate,
  title =        {Accelerate: Training and inference at scale made simple, efficient and adaptable.},
  author =       {Sylvain Gugger and Lysandre Debut and Thomas Wolf and Philipp Schmid and Zachary Mueller and Sourab Mangrulkar and Marc Sun and Benjamin Bossan},
  howpublished = {\url{https://github.com/huggingface/accelerate}},
  year =         {2022}
}

@misc{cmgallery,
  title        = {The complete works},
  howpublished = {\url{https://claudemonetgallery.org/the-complete-works.html}},
  note         = {Accessed: 2025-06-06},
  year         = {2025},
  organization = {Claude Monet Gallery}
}

@inproceedings{datasets,
    title = "Datasets: A Community Library for Natural Language Processing",
    author = "Lhoest, Quentin  and
      Villanova del Moral, Albert  and
      Jernite, Yacine  and
      Thakur, Abhishek  and
      von Platen, Patrick  and
      Ma, Clara  and
      Drame, Julien  and
      Plu, Julien  and
      Patil, Suraj  and
      Chaumond, Julien  and
      Sanh, Victor  and
      Wolf, Thomas",
    booktitle = "Proceedings of the 2021 Conference on Empirical Methods in Natural Language Processing: System Demonstrations",
    month = nov,
    year = "2021",
    address = "Online and Punta Cana, Dominican Republic",
    publisher = "Association for Computational Linguistics",
    url = "https://aclanthology.org/2021.emnlp-demo.21",
    pages = "175--184",
}

@misc{beautifulsoup,
  author = {Leonard Richardson},
  title = {Beautiful Soup Documentation},
  year = {2023},
  url = {https://www.crummy.com/software/BeautifulSoup/},
  note = {Accessed: 2025-06-09}
}
